Automatically generated by Mendeley Desktop 1.10.1
Any changes to this file will be lost if it is regenerated by Mendeley.

BibTeX export options can be customized via Options -> BibTeX in Mendeley Desktop

@article{BakClafer,
author = {Bąk, K and Czarnecki, K and Wąsowski, A},
file = {:home/ezulkosk/Downloads/clafer.pdf:pdf},
journal = {Software Language Engineering},
title = {{Feature and meta-models in Clafer: mixed, specialized, and coupled}},
url = {http://link.springer.com/chapter/10.1007/978-3-642-19440-5\_7},
year = {2011}
}
@article{Achraf,
author = {Ghazi, AA El and Taghdiri, Mana},
file = {:home/ezulkosk/Downloads/a.a.elghazi\_m.taghdiri\_fm2011\_final.pdf:pdf},
journal = {FM 2011: Formal Methods},
keywords = {al-,constraint solving,first-order relational logic,loy,relational specification,sat modulo theories,z3},
title = {{Relational reasoning via SMT solving}},
url = {http://link.springer.com/chapter/10.1007/978-3-642-21437-0\_12},
year = {2011}
}
@article{Jackson,
author = {Jackson, EK and Schulte, Wolfram},
file = {:home/ezulkosk/Downloads/ModelGeneration(forte2008).pdf:pdf},
journal = {Formal Techniques for Networked and Distributed \ldots},
title = {{Model generation for horn logic with stratified negation}},
url = {http://link.springer.com/chapter/10.1007/978-3-540-68855-6\_1},
year = {2008}
}
@article{Classen2011,
author = {Classen, Andreas and Boucher, Quentin and Heymans, Patrick},
doi = {10.1016/j.scico.2010.10.005},
file = {:home/ezulkosk/Downloads/tvl.pdf:pdf},
issn = {01676423},
journal = {Science of Computer Programming},
month = dec,
number = {12},
pages = {1130--1143},
publisher = {Elsevier B.V.},
title = {{A text-based approach to feature modelling: Syntax and semantics of TVL}},
url = {http://linkinghub.elsevier.com/retrieve/pii/S0167642310001899},
volume = {76},
year = {2011}
}
@article{Zheng2013,
address = {New York, New York, USA},
author = {Zheng, Yunhui and Zhang, Xiangyu and Ganesh, Vijay},
doi = {10.1145/2491411.2491456},
file = {:home/ezulkosk/Downloads/z3str.pdf:pdf},
isbn = {9781450322379},
journal = {Proceedings of the 2013 9th Joint Meeting on Foundations of Software Engineering - ESEC/FSE 2013},
keywords = {string analysis,string constraint solver,web application},
pages = {114},
publisher = {ACM Press},
title = {{Z3-str: a z3-based string solver for web application analysis}},
url = {http://dl.acm.org/citation.cfm?doid=2491411.2491456},
year = {2013}
}
@book{Jacksona,
author = {Jackson, Daniel},
publisher = {The MIT Press},
title = {{Software Abstractions: Logic, Language, and Analysis}},
year = {2011}
}
@article{Suter,
author = {Suter, Philippe and Steiger, Robin and Kuncak, Viktor},
file = {:home/ezulkosk/Downloads/SuterETAL11SetswithCardinalityConstraintsin.pdf:pdf},
title = {{Sets with Cardinality Constraints in Satisfiability Modulo Theories}}
}
@article{Moura,
author = {Moura, Leonardo De and Bj\o rner, Nikolaj},
file = {:home/ezulkosk/Downloads/z3.pdf:pdf},
journal = {Tools and Algorithms for the Construction and \ldots},
title = {{Z3: An efficient SMT solver}},
url = {http://link.springer.com/chapter/10.1007/978-3-540-78800-3\_24},
year = {2008}
}
@article{Saadatpanah2012,
address = {New York, New York, USA},
author = {Saadatpanah, Pooya and Famelis, Michalis and Gorzny, Jan and Robinson, Nathan and Chechik, Marsha and Salay, Rick},
doi = {10.1145/2427376.2427384},
file = {:home/ezulkosk/Downloads/W3 - MoDeVVa at MODELS 2012.pdf:pdf},
isbn = {9781450318013},
journal = {Proceedings of the Workshop on Model-Driven Engineering, Verification and Validation - MoDeVVa '12},
number = {c},
pages = {41--46},
publisher = {ACM Press},
title = {{Comparing the effectiveness of reasoning formalisms for partial models}},
url = {http://dl.acm.org/citation.cfm?doid=2427376.2427384},
volume = {1},
year = {2012}
}
@phdthesis{Olaechea2013,
author = {Olaechea, Rafael},
file = {:home/ezulkosk/Downloads/rafael-thesis.pdf:pdf},
title = {{Comparison of Exact and Approximate Multi-Objective Optimization for Software Product Lines}},
year = {2013}
}
@book{Gallier1993,
author = {Gallier, Jean H.},
title = {{Logic for Computer Science: Foundations for Automatic Theorem Proving}},
year = {1993}
}
@article{Michel2012,
author = {Michel, R and Hubaux, Arnaud and Ganesh, Vijay and Heymans, Patrick},
file = {:home/ezulkosk/Downloads/paper9.pdf:pdf},
journal = {SMT Workshop 2012 10th \ldots},
pages = {107--117},
title = {{An SMT-based Approach to Automated Configuration}},
url = {http://smt2012.loria.fr/paper9.pdf},
year = {2012}
}
@article{Jackson2011,
author = {Jackson, EK},
file = {:home/ezulkosk/Downloads/models2011.pdf:pdf},
journal = {\ldots Languages and Systems},
title = {{Reasoning about metamodeling with formal specifications and automatic proofs}},
url = {http://link.springer.com/chapter/10.1007/978-3-642-24485-8\_48},
year = {2011}
}
@article{Gallier2006,
author = {Gallier, Jean},
doi = {10.2168/LMCS-2(5:3)2006},
editor = {Constable, Robert},
file = {:home/ezulkosk/Downloads/resol.pdf:pdf},
issn = {18605974},
journal = {arXiv preprint cs/0606084},
month = nov,
number = {5},
pages = {1--8},
title = {{The Completeness of Propositional Resolution: A Simple and Constructive Proof}},
url = {http://www.lmcs-online.org/ojs/viewarticle.php?id=191 http://arxiv.org/abs/cs/0606084},
volume = {2},
year = {2006}
}
@book{Strichman2010,
author = {Strichman, O},
file = {:home/ezulkosk/Downloads/decisionproceduresalgorithmic.pdf:pdf},
isbn = {9783540741046},
title = {{Decision procedures: an algorithmic point of view}},
url = {http://books.google.com/books?hl=en\&lr=\&id=SaUywbXY9C8C\&oi=fnd\&pg=PA1\&dq=Decision+Procedures:+An+algorithmic+Point+of+View\&ots=R-9W5voMVG\&sig=UHRPdAs8yvExTk-wHsJ11vwY-YY},
year = {2010}
}
@article{Bak,
author = {Bąk, Kacper and Diskin, Zinovy and Antkiewicz, Michał and Czarnecki, Krzysztof},
file = {:home/ezulkosk/Downloads/clafersemantics.pdf:pdf},
keywords = {1,2,cr subject classification d,feature modeling,language design,languages,neering,oom,requirements,semantics,software engi-,specifications,unification},
title = {{Clafer : Unifying Class and Feature Modeling}}
}
